@article{dobre2007survey,
  author = {Dobre, Octavia A. and Abdi, Ali and Bar-Ness, Yeheskel and Su, Wei},
  title = {Survey of automatic modulation classification techniques: classical approaches and new trends},
  journal = {IET Communications},
  volume = {1},
  number = {2},
  pages = {137--156},
  year = {2007},
  url = {https://ietresearch.onlinelibrary.wiley.com/doi/10.1049/iet-com:20050195}
}

@article{hameed2009likelihood,
  author = {Hameed, Fatih and Dobre, Octavia A. and Popescu, Dimitrie C.},
  title = {On the likelihood-based approach to modulation classification},
  journal = {IEEE Transactions on Wireless Communications},
  volume = {8},
  number = {12},
  pages = {5884--5892},
  year = {2009},
  url = {https://ieeexplore.ieee.org/document/5348967}
}

@inproceedings{hazza2013overview,
  author = {Hazza, Ali and Shoaib, Muhammad and Alshebeili, Saleh A. and Fahad, Abdulaziz},
  title = {An overview of feature-based methods for digital modulation classification},
  booktitle = {2013 1st International Conference on Communications, Signal Processing, and their Applications (ICCSPA)},
  pages = {1--6},
  year = {2013},
  organization = {IEEE},
  url = {https://ieeexplore.ieee.org/document/6482252}
}

@inproceedings{oshea2016convolutional,
  author = {O'Shea, Timothy J. and Corgan, Johnathan and Clancy, T. Charles},
  title = {Convolutional radio modulation recognition networks},
  booktitle = {International Conference on Engineering Applications of Neural Networks},
  pages = {213--226},
  year = {2016},
  organization = {Springer},
  url = {https://link.springer.com/chapter/10.1007/978-3-319-44188-7_16}
}

@inproceedings{west2017deep,
  author = {West, Nathan E. and O'Shea, Timothy},
  title = {Deep architectures for modulation recognition},
  booktitle = {2017 IEEE International Symposium on Dynamic Spectrum Access Networks (DySPAN)},
  pages = {1--6},
  year = {2017},
  organization = {IEEE},
  url = {https://ieeexplore.ieee.org/document/8096088}
}

@article{rajendran2018deep,
  author = {Rajendran, Sreeraj and Meert, Wannes and Giustiniano, Domenico and Lenders, Vincent and Pollin, Sofie},
  title = {Deep learning models for wireless signal classification with distributed low-cost spectrum sensors},
  journal = {IEEE Transactions on Cognitive Communications and Networking},
  volume = {4},
  number = {3},
  pages = {433--445},
  year = {2018},
  url = {https://ieeexplore.ieee.org/document/8412199}
}

@article{xu2025ldcvnn,
  author = {Xu, Zeyuan and Fan, Yilin and Fang, Shilian and Fu, Yongpeng and Yi, Lilin},
  title = {A Lightweight Dual-Branch Complex-Valued Neural Network for Automatic Modulation Classification of Communication Signals},
  journal = {Sensors},
  volume = {25},
  number = {8},
  pages = {2489},
  year = {2025},
  url = {https://doi.org/10.3390/s25082489}
}

@article{ma2023hfecnetca,
  author = {Ma, Zhenyuan and Fang, Shilian and Fan, Yilin and Li, Gongliang and Hu, Hao},
  title = {An Efficient and Lightweight Model for Automatic Modulation Classification: A Hybrid Feature Extraction Network Combined with Attention Mechanism},
  journal = {Electronics},
  volume = {12},
  number = {17},
  pages = {3661},
  year = {2023},
  url = {https://doi.org/10.3390/electronics12173661}
}

@article{zhang2023efficient,
  author = {Zhang, Xiaoyu and others},
  title = {An Efficient Data Augmentation Method for Automatic Modulation Recognition from Low-Data Imbalanced-Class Regime},
  journal = {Applied Sciences},
  volume = {13},
  number = {5},
  pages = {3177},
  year = {2023},
  url = {https://www.mdpi.com/2076-3417/13/5/3177}
}

% @inproceedings{patil2021automatic,
%   author = {Patil, Sagar and others},
%   title = {Automatic Modulation Classification using DenseNet},
%   booktitle = {2021 IEEE Conference on [Conference Name]},
%   year = {2021},
%   note = {Conference name to be updated}
% }



@inproceedings{patil2021automatic,
  author={Shaik, Sameera and Kirthiga, S.},
  booktitle={2021 5th International Conference on Computer, Communication and Signal Processing (ICCCSP)}, 
  title={Automatic Modulation Classification using DenseNet}, 
  year={2021},
  volume={},
  number={},
  pages={301-305},
  keywords={Wireless communication;Training;Military communication;Deep learning;Military computing;Modulation;Computer architecture;Automatic Modulation;Classification;DenseNet;ResNet},
  doi={10.1109/ICCCSP52374.2021.9465520}
}


@article{xu2020spatiotemporal,
  author = {Xu, Jingwei and Luo, Chunbo and Parr, Gerard and Luo, Yonglong},
  title = {A spatiotemporal multi-channel learning framework for automatic modulation recognition},
  journal = {IEEE Wireless Communications Letters},
  volume = {9},
  number = {10},
  pages = {1629--1632},
  year = {2020},
  url = {https://ieeexplore.ieee.org/document/9117132}
}

@article{yao2019modulation,
  title={Modulation classification based on denoising autoencoder and convolutional neural network with GNU radio},
  author={Wang, Jun and Wang, Wenfeng and Luo, Feixiang and Wei, Shaoming},
  journal={The Journal of Engineering},
  volume={2019},
  number={19},
  pages={6188--6191},
  year={2019},
  publisher={Wiley Online Library}
}

@article{ning2024abftnet,
  author = {Ning, Meng and Zhou, Feng and Wang, Wenjing and Wang, Shuo and Zhang, Peng and Wang, Jianxin},
  title = {AbFTNet: An Efficient Transformer Network with Alignment before Fusion for Multimodal Automatic Modulation Recognition},
  journal = {Electronics},
  volume = {13},
  number = {18},
  pages = {3725},
  year = {2024},
  url = {https://doi.org/10.3390/electronics13183725}
}

@inproceedings{zhang2023amcnet,
  author = {Zhang, Jiakai and Wang, Tianhao and Feng, Zhiyong and Yang, Shuyuan},
  title = {AMC-Net: An Effective Network for Automatic Modulation Classification},
  booktitle = {ICASSP 2023 - 2023 IEEE International Conference on Acoustics, Speech and Signal Processing (ICASSP)},
  pages = {1--5},
  year = {2023},
  month = {6},
  organization = {IEEE},
  url = {https://doi.org/10.1109/ICASSP49357.2023.10097070}
}

@article{guo2024ulcnn,
  author = {Guo, Lin and Wang, Yue and Liu, Yongxiang and Lin, Yun and Zhao, Haihan and Gui, Guan},
  title = {Ultralight Convolutional Neural Network for Automatic Modulation Classification in Internet of Unmanned Aerial Vehicles},
  journal = {IEEE Internet of Things Journal},
  volume = {11},
  number = {11},
  pages = {20831--20839},
  year = {2024},
  url = {https://doi.org/10.1109/JIOT.2024.3373497}
}

@inproceedings{amcnet202x_meng,
  title={Amc-net: An effective network for automatic modulation classification},
  author={Zhang, Jiawei and Wang, Tiantian and Feng, Zhixi and Yang, Shuyuan},
  booktitle={ICASSP 2023-2023 IEEE International Conference on Acoustics, Speech and Signal Processing (ICASSP)},
  pages={1--5},
  year={2023},
  organization={IEEE}
}